% This file was created with JabRef 2.7b.
% Encoding: UTF-8

@STANDARD{mcas_summary,
  title = {Spring 2009 MCAS Tests: Summary of State Results},
  organization = {Massachusetts Department of Elementary and Secondary Education},
  month = {September},
  year = {2009},
  owner = {herb},
  timestamp = {2014.03.09}
}

@comment{jabref-meta: selector_publisher:}

@comment{jabref-meta: selector_author:}

@comment{jabref-meta: selector_journal:}

@comment{jabref-meta: selector_keywords:}

